<record xmlns="http://www.openarchives.org/OAI/2.0/" xmlns:xsi="http://www.w3.org/2001/XMLSchema-instance"><header><identifier>oai:alma.34CSIC_INST:990013504440204201</identifier><datestamp>2020-02-06T08:40:59Z</datestamp><setSpec>manuscripta</setSpec></header><metadata><record xmlns="http://www.loc.gov/MARC21/slim" xmlns:xsi="http://www.w3.org/2001/XMLSchema-instance" xsi:schemaLocation="http://www.loc.gov/MARC21/slim http://www.loc.gov/standards/marcxml/schema/MARC21slim.xsd"><leader>07659ntm a2200673 i 4500</leader><controlfield tag="005">20181031100340.0</controlfield><controlfield tag="008">100721n1620                  000 0 ara d</controlfield><controlfield tag="001">990013504440204201</controlfield><datafield tag="035" ind1=" " ind2=" "><subfield code="a">CSIC001350444</subfield></datafield><datafield tag="035" ind1=" " ind2=" "><subfield code="a">(ES-MaCSI)001350444MAD01-Aleph</subfield></datafield><datafield tag="035" ind1=" " ind2=" "><subfield code="a">(OCoLC)1123865434
</subfield></datafield><datafield tag="040" ind1=" " ind2=" "><subfield code="a">ES-MaCSI</subfield><subfield code="b">spa</subfield><subfield code="c">VL</subfield></datafield><datafield tag="041" ind1="1" ind2=" "><subfield code="a">ara</subfield><subfield code="a">spa</subfield><subfield code="a">lat</subfield></datafield><datafield tag="100" ind1="0" ind2=" "><subfield code="a">Thomas de León</subfield><subfield code="d">(1613-1690).</subfield></datafield><datafield tag="245" ind1="1" ind2="0"><subfield code="a">Thesauro arabicae</subfield><subfield code="h">[Manuscrito]</subfield></datafield><datafield tag="260" ind1=" " ind2=" "><subfield code="c">[S. f.].</subfield></datafield><datafield tag="300" ind1=" " ind2=" "><subfield code="a">268 f. ;</subfield><subfield code="c">21,5 x 15,5 cm (caja: 19,5 x 10 cm).</subfield></datafield><datafield tag="490" ind1="1" ind2=" "><subfield code="a">Manuscripta</subfield></datafield><datafield tag="546" ind1=" " ind2=" "><subfield code="a">Arabe</subfield><subfield code="b">Escritura magrebí</subfield></datafield><datafield tag="546" ind1=" " ind2=" "><subfield code="a">Latina</subfield><subfield code="b">Escritura cortesana</subfield></datafield><datafield tag="500" ind1=" " ind2=" "><subfield code="a">Distribución: 2 col. La mayor parte del volumen tiene 22 ó 23 líneas por página. Otras varían mucho de número.</subfield></datafield><datafield tag="500" ind1=" " ind2=" "><subfield code="a">Material: Papel</subfield></datafield><datafield tag="500" ind1=" " ind2=" "><subfield code="a">Tinta: Marrón</subfield></datafield><datafield tag="500" ind1=" " ind2=" "><subfield code="a">Incipit: أَبتَالَوُّ conforme</subfield></datafield><datafield tag="500" ind1=" " ind2=" "><subfield code="a">Explicit: تَشَقََقَ rasgar scindere</subfield></datafield><datafield tag="500" ind1=" " ind2=" "><subfield code="a">Lugar de escritura: No consta</subfield></datafield><datafield tag="500" ind1=" " ind2=" "><subfield code="a">Copista: No consta</subfield></datafield><datafield tag="500" ind1=" " ind2=" "><subfield code="a">Colofón: No consta</subfield></datafield><datafield tag="500" ind1=" " ind2=" "><subfield code="a">Características especiales: Texto vocalizado parcialmente</subfield></datafield><datafield tag="500" ind1=" " ind2=" "><subfield code="a">Ilustración: No</subfield></datafield><datafield tag="500" ind1=" " ind2=" "><subfield code="a">Ilustraciones: En algunos números se numeran las líneas de cada folio</subfield></datafield><datafield tag="500" ind1=" " ind2=" "><subfield code="a">Tipo de cuaderno: 44 cuads.: 4 bifolios, 17 biniones, 10 terniones, 6 cuaterniones, 1 quinión, 5 sextniones, 1 septnión y 1 folio suelto, que se van alternando.</subfield></datafield><datafield tag="500" ind1=" " ind2=" "><subfield code="a">Deterioros: Buen estado del texto. Acortamiento del pergamino de la encuadernación. Los cuadernos se han despegado de la encuadernación y algunos se han descosido. Se aprecian manchas y degradaciones de la tinta que no afectan al texto.</subfield></datafield><datafield tag="500" ind1=" " ind2=" "><subfield code="a">H en blanco: 19 folios en blanco más el verso de 16 folios siguiendo la orientación le lectura latina.</subfield></datafield><datafield tag="500" ind1=" " ind2=" "><subfield code="a">H dañadas, mutiladas, sueltas: 1 H suelta : folio 268</subfield></datafield><datafield tag="500" ind1=" " ind2=" "><subfield code="a">H faltan o añadidas: H Faltan: Según la anotación de la portada: “le faltan las primeras 30 hojas, constaba de 280”; si atendemos a esta anotación, el manuscrito debería de tener 250 folios, sin embargo, vemos que el volumen consta actualmente de 268 folios, lo cual, esta anotación, o no es correcta o al volumen le fueron añadidos posteriormente 18 folios. No obstante, hay que tener en cuenta la foliación original del manuscrito para calcular de forma aproximada cuantos folios le faltan. De este modo vemos que hay un salto de foliación entre el 78 y el 100, esto supone que faltan 11 folios (del 79 al 99) de la primera centena; mientras que, entre los folios 100 y 200 de la segunda centena hay 105 folios en lugar de 100; y finalmente, vemos que del folio 200 hasta el último hay 84 folios. Con estos cálculos se llega a dos conclusiones. La primera, que el volumen tenía al menos 289 folios, de los cuales 11 numerados de la primera centena se habrían perdido y algunos de la segunda centena pertenecerían a la tercera centena porque probablemente se encuadernaron mal; de ahí la explicación del porque no se sigue ningún orden alfabético. La segunda, que el manuscrito tuviera más de 289 folios.</subfield></datafield><datafield tag="500" ind1=" " ind2=" "><subfield code="a">Foliación: Tiene dos foliaciones: una original en tinta marrón y la otra moderna a lápiz siguiendo ambas la orientación de lectura latina. La foliación original comprende desde el folio 1 al 78 más dos folio que llevan: uno el dígito 100 y que corresponde al 79 foliado a lápiz, y otro el dígito 200 y que corresponde al 184 foliado a lápiz. Probablemente en origen fueran foliados los 100 primeros folios y después se numeraría el folio 100 de cada centena. La foliación moderna cuyo autor se desconoce, abarca desde el folio 79 al 268.</subfield></datafield><datafield tag="500" ind1=" " ind2=" "><subfield code="a">Reclamos: No</subfield></datafield><datafield tag="500" ind1=" " ind2=" "><subfield code="a">Sign. cuad.: No</subfield></datafield><datafield tag="500" ind1=" " ind2=" "><subfield code="a">Pautado: No se aprecia pautado alguno. Líneas de justificación.</subfield></datafield><datafield tag="500" ind1=" " ind2=" "><subfield code="a">Filigrana: Escudo cuyo interior alberga tres cruces unidas mediante una línea horizontal por la parte inferior Escudo en forma de corazón con una cruz dentro y otras tres que lo rematan en su parte superior, mientras que en su parte inferior se leen en mayúscula las letras “GBD”. Tres circunferencias dispuestas una encima de otra, la primera vacía, la del centro contiene la letra “D” en mayúscula, y la tercera las letras “BG” también en mayúscula. Las tres circunferencias son rematadas en su parte superior por una cruz. El dígito 10.</subfield></datafield><datafield tag="563" ind1=" " ind2=" "><subfield code="a">Pergamino</subfield></datafield><datafield tag="541" ind1=" " ind2=" "><subfield code="a">Procedencia: Universidad de Granada</subfield></datafield><datafield tag="500" ind1=" " ind2=" "><subfield code="a">Signatura antigua: VOL. XVII ; A-5-17 ; Caja C-21</subfield></datafield><datafield tag="500" ind1=" " ind2=" "><subfield code="a">Anotaciones: Anotaciones marginales muy esporádicas, generalmente para añadir una explicación de la raíz del vocablo en cuestión o bien para corregir su traducción al latín o al castellano. En la portada en tinta marrón se registra el texto siguiente: “le faltan las primeras 30 hojas, constaba de 280”. En el lomo junto con el título en tinta marrón (“Thesauso Arabicae”) hay dos etiquetas pegadas una que contiene el digito 3 y la otra la antigua signatura (Caja C-21). La misma signatura a lápiz aparece en el interior de la tapa encima de unos números tachados. Los rótulos de cada letra siempre van precedidos de “Lra.” como abreviatura de “letra”. Antiguo sello de la Biblioteca Universitaria de Granada en algunos folios del volumen, además de la firma del autor del volumen al final de algunos cuadernos.</subfield></datafield><datafield tag="581" ind1=" " ind2=" "><subfield code="a">Descripción: Almagro Cárdenas, A., Catálogo de los manuscritos árabes que se conservan en la Universidad de Granada, Granada, 1899, 10-11; Cabanelas, D., “Vocabulario arábigo-castellano y arábigo-latino inédito”, en Miscelánea de Estudios Árabes y Hebraicos, XXVII-XXVIII, fasc. 1º (1978-79), 209-214; Catálogo de la Exposición celebrada con motivo del cincuentenario: 1932-1982, Granada, 1982, 16; Castillo Castillo, C., “Manuscritos arábigos que se conservan en la Escuela de Estudios Árabes de Granada”, Cuadernos de historia del Islam 11 (1984), 217; Manuscritos árabes y fondo antiguo de la Escuela de Estudios Árabes, Granada, 2007, 45.</subfield></datafield><datafield tag="530" ind1=" " ind2=" "><subfield code="a">Otros soportes: No</subfield></datafield><datafield tag="581" ind1=" " ind2=" "><subfield code="a">Edición: No</subfield></datafield><datafield tag="510" ind1="4" ind2=" "><subfield code="a">Catálogo de los manuscritos árabes que se conservan en la Universidad de Granada</subfield><subfield code="c">p. 10-11</subfield></datafield><datafield tag="510" ind1="4" ind2=" "><subfield code="a">Vocabulario arábigo-castellano y arábigo-latino inédito</subfield><subfield code="c">p. 209-214</subfield></datafield><datafield tag="510" ind1="4" ind2=" "><subfield code="a">Catálogo de la Exposición celebrada con motivo del cincuentenario: 1932-1982</subfield><subfield code="c">16</subfield></datafield><datafield tag="510" ind1="4" ind2=" "><subfield code="a">Manuscritos arábigos que se conservan en la Escuela de Estudios Árabes de Granada</subfield><subfield code="c">p. 217</subfield></datafield><datafield tag="510" ind1="4" ind2=" "><subfield code="a">Manuscritos árabes y fondo antiguo de la Escuela de Estudios Árabes</subfield><subfield code="c">p. 45</subfield></datafield><datafield tag="520" ind1="2" ind2=" "><subfield code="a">Contenido: Thesauro Arabicae (Nota: la obra contiene dos vocabularios bien diferenciados entre sí, que son: 1º) Vocabulario arábigo-castellano, que abarca los folios del 1 al 86v y el 2º) Vocabulario arábigo-latino, que abarca los folios del 87r-268v.)</subfield></datafield><datafield tag="650" ind1=" " ind2="7"><subfield code="a">Arabe</subfield><subfield code="x">Español</subfield><subfield code="v">Manuscritos.</subfield><subfield code="2">CSICAU</subfield></datafield><datafield tag="650" ind1=" " ind2="7"><subfield code="a">Arabe</subfield><subfield code="x">Latín</subfield><subfield code="v">Manuscritos.</subfield><subfield code="2">CSICAU</subfield></datafield><datafield tag="830" ind1=" " ind2="0"><subfield code="a">Manuscripta</subfield></datafield><datafield tag="856" ind1="4" ind2="1"><subfield code="u">http://aleph.csic.es/imagenes/mad01/0006_PMSC/P_001350444_784176_V00.pdf</subfield><subfield code="z">Descargar Pdf completo (56M)</subfield><subfield code="m">CSIC</subfield></datafield><datafield tag="856" ind1="4" ind2="1"><subfield code="u">http://simurg.bibliotecas.csic.es/viewer/image/CSIC001350444/1/</subfield><subfield code="z">Ver texto completo en SIMURG, el portal de fondos digitalizados del CSIC</subfield><subfield code="m">CSIC</subfield></datafield><datafield tag="856" ind1="4" ind2="1"><subfield code="u">http://aleph.csic.es/imagenes/mad01/0006_PMSC/html/001350444.html</subfield><subfield code="z">Ver texto completo en Bookreader</subfield></datafield></record></metadata></record>